<?xml version="1.0" encoding="UTF-8"?>
<!DOCTYPE html PUBLIC "-//W3C//DTD XHTML 1.0 Transitional//EN"
    "http://www.w3.org/TR/xhtml1/DTD/xhtml1-transitional.dtd">
<html xmlns="http://www.w3.org/1999/xhtml" xml:lang="en" lang="en">
 <head>
  <title>
</title>
<meta http-equiv="Content-Type" content="text/html;charset=utf-8" />
  <meta name='ocr-system' content='tesseract 3.04.00' />
  <meta name='ocr-capabilities' content='ocr_page ocr_carea ocr_par ocr_line ocrx_word'/>
</head>
<body>
  <div class='ocr_page' id='page_1' title='image "./synopsisnovorum00mlgoog_0010.png"; bbox 0 0 2656 4478; ppageno 0'>
   <div class='ocr_carea' id='block_1_1' title="bbox 323 783 1012 877">
    <p class='ocr_par' dir='ltr' id='par_1_1' title="bbox 323 783 1012 877">
     <span class='ocr_line' id='line_1_1' title="bbox 323 783 1012 877; baseline -0.001 -1"><span class='ocrx_word' id='word_1_1' title='bbox 323 784 684 877; x_wconf 85' lang='lat' dir='ltr'><strong>Praefamen</strong></span> <span class='ocrx_word' id='word_1_2' title='bbox 729 783 1012 875; x_wconf 86' lang='lat' dir='ltr'><strong>auctoris.</strong></span> 
     </span>
    </p>
   </div>
   <div class='ocr_carea' id='block_1_2' title="bbox 594 975 744 989">
    <p class='ocr_par' dir='ltr' id='par_1_2' title="bbox 594 975 744 989">
     <span class='ocr_line' id='line_1_2' title="bbox 594 975 744 989; baseline -0.013 0"><span class='ocrx_word' id='word_1_3' title='bbox 594 975 744 989; x_wconf 43' lang='lat' dir='ltr'><strong>-n</strong></span> 
     </span>
    </p>
   </div>
   <div class='ocr_carea' id='block_1_3' title="bbox 137 1138 1195 1277">
    <p class='ocr_par' dir='ltr' id='par_1_3' title="bbox 137 1138 1195 1277">
     <span class='ocr_line' id='line_1_3' title="bbox 137 1138 1195 1277; baseline -0.002 -23"><span class='ocrx_word' id='word_1_4' title='bbox 137 1156 249 1262; x_wconf 89' lang='lat' dir='ltr'><strong>Jussu</strong></span> <span class='ocrx_word' id='word_1_5' title='bbox 279 1198 312 1254; x_wconf 90' lang='lat' dir='ltr'><strong>et</strong></span> <span class='ocrx_word' id='word_1_6' title='bbox 339 1138 486 1275; x_wconf 85' lang='lat' dir='ltr'><strong>auspiciis</strong></span> <span class='ocrx_word' id='word_1_7' title='bbox 507 1185 706 1256; x_wconf 77' lang='lat' dir='ltr'><strong>illustrissimi</strong></span> <span class='ocrx_word' id='word_1_8' title='bbox 727 1188 961 1277; x_wconf 89' lang='lat' dir='ltr'><strong>praeceptoris,</strong></span> <span class='ocrx_word' id='word_1_9' title='bbox 989 1185 1071 1274; x_wconf 84' lang='lat' dir='ltr'><strong>prol.</strong></span> <span class='ocrx_word' id='word_1_10' title='bbox 1094 1186 1134 1251; x_wconf 85' lang='grc' dir='ltr'><strong>Α.</strong></span> <span class='ocrx_word' id='word_1_11' title='bbox 1155 1185 1195 1252; x_wconf 83' lang='lat' dir='ltr'><strong>F.</strong></span> 
     </span>
    </p>
   </div>
   <div class='ocr_carea' id='block_1_4' title="bbox 90 1295 1299 1387">
    <p class='ocr_par' dir='ltr' id='par_1_4' title="bbox 90 1295 1299 1387">
     <span class='ocr_line' id='line_1_4' title="bbox 90 1295 1299 1387; baseline -0.002 -18"><span class='ocrx_word' id='word_1_12' title='bbox 90 1362 94 1369; x_wconf 88' lang='lat'><strong>.</strong></span> <span class='ocrx_word' id='word_1_13' title='bbox 140 1300 179 1367; x_wconf 83' lang='lat' dir='ltr'><strong>A.</strong></span> <span class='ocrx_word' id='word_1_14' title='bbox 201 1301 401 1387; x_wconf 79' lang='lat' dir='ltr'><strong>Wiegtnann</strong></span> <span class='ocrx_word' id='word_1_15' title='bbox 428 1301 492 1365; x_wconf 88' lang='lat' dir='ltr'><strong>hoc</strong></span> <span class='ocrx_word' id='word_1_16' title='bbox 513 1301 554 1365; x_wconf 90' lang='lat' dir='ltr'><strong>ad</strong></span> <span class='ocrx_word' id='word_1_17' title='bbox 577 1303 645 1386; x_wconf 86' lang='lat' dir='ltr'><strong>ejus</strong></span> <span class='ocrx_word' id='word_1_18' title='bbox 669 1298 799 1364; x_wconf 89' lang='lat' dir='ltr'><strong>annales</strong></span> <span class='ocrx_word' id='word_1_19' title='bbox 827 1297 954 1382; x_wconf 61' lang='lat' dir='ltr'><strong>(struto</strong></span> <span class='ocrx_word' id='word_1_20' title='bbox 975 1295 1028 1382; x_wconf 67' lang='lat' dir='ltr'><strong>stit</strong></span> <span class='ocrx_word' id='word_1_21' title='bbox 1048 1299 1197 1383; x_wconf 60' lang='lat' dir='ltr'><strong>mameae</strong></span> <span class='ocrx_word' id='word_1_22' title='bbox 1297 1346 1299 1350; x_wconf 30' lang='grc' dir='ltr'><strong><em>ι</em></strong></span> 
     </span>
    </p>
   </div>
   <div class='ocr_carea' id='block_1_5' title="bbox 141 1408 1275 2036">
    <p class='ocr_par' dir='ltr' id='par_1_5' title="bbox 141 1408 1275 2036">
     <span class='ocr_line' id='line_1_5' title="bbox 144 1408 1197 1496; baseline -0.004 -18"><span class='ocrx_word' id='word_1_23' title='bbox 144 1410 264 1496; x_wconf 65' lang='lat' dir='ltr'><strong>cature.</strong></span> <span class='ocrx_word' id='word_1_24' title='bbox 286 1410 398 1494; x_wconf 65' lang='lat' dir='ltr'><strong>{teitu</strong></span> <span class='ocrx_word' id='word_1_25' title='bbox 412 1413 436 1477; x_wconf 90' lang='grc' dir='ltr'><strong>Ι.</strong></span> <span class='ocrx_word' id='word_1_26' title='bbox 460 1412 602 1495; x_wconf 83' lang='grc'><strong>(1834.)</strong></span> <span class='ocrx_word' id='word_1_27' title='bbox 623 1411 665 1481; x_wconf 67' lang='lat' dir='ltr'><strong>u.</strong></span> <span class='ocrx_word' id='word_1_28' title='bbox 681 1412 705 1475; x_wconf 88' lang='lat' dir='ltr'><strong>l.</strong></span> <span class='ocrx_word' id='word_1_29' title='bbox 727 1408 843 1482; x_wconf 63' lang='lat' dir='ltr'><strong>licitis.</strong></span> <span class='ocrx_word' id='word_1_30' title='bbox 859 1411 955 1476; x_wconf 84' lang='lat'><strong>1835.</strong></span> <span class='ocrx_word' id='word_1_31' title='bbox 977 1412 1008 1477; x_wconf 80' lang='lat' dir='ltr'><strong>a</strong></span> <span class='ocrx_word' id='word_1_32' title='bbox 1034 1409 1197 1493; x_wconf 54' lang='lat' dir='ltr'><strong>&amp;estesse</strong></span> 
     </span>
     <span class='ocr_line' id='line_1_6' title="bbox 150 1520 1075 1611; baseline -0.002 -23"><span class='ocrx_word' id='word_1_33' title='bbox 150 1520 227 1608; x_wconf 61' lang='lat' dir='ltr'><strong>titii</strong></span> <span class='ocrx_word' id='word_1_34' title='bbox 243 1546 277 1610; x_wconf 90' lang='lat' dir='ltr'><strong>p.</strong></span> <span class='ocrx_word' id='word_1_35' title='bbox 293 1524 392 1603; x_wconf 86' lang='lat'><strong>307.)</strong></span> <span class='ocrx_word' id='word_1_36' title='bbox 414 1522 668 1611; x_wconf 88' lang='lat' dir='ltr'><strong>supplementum</strong></span> <span class='ocrx_word' id='word_1_37' title='bbox 691 1521 918 1588; x_wconf 89' lang='lat' dir='ltr'><strong>elaborandum</strong></span> <span class='ocrx_word' id='word_1_38' title='bbox 940 1524 1075 1608; x_wconf 84' lang='lat' dir='ltr'><strong>suscepi.</strong></span> 
     </span>
     <span class='ocr_line' id='line_1_7' title="bbox 229 1631 1275 1722; baseline -0.001 -22"><span class='ocrx_word' id='word_1_39' title='bbox 229 1636 343 1722; x_wconf 85' lang='lat' dir='ltr'><strong>ltaque</strong></span> <span class='ocrx_word' id='word_1_40' title='bbox 365 1635 437 1700; x_wconf 89' lang='lat' dir='ltr'><strong>heic</strong></span> <span class='ocrx_word' id='word_1_41' title='bbox 459 1637 574 1721; x_wconf 84' lang='lat' dir='ltr'><strong>accipis</strong></span> <span class='ocrx_word' id='word_1_42' title='bbox 589 1635 626 1698; x_wconf 87' lang='lat' dir='ltr'><strong>L.</strong></span> <span class='ocrx_word' id='word_1_43' title='bbox 640 1635 678 1699; x_wconf 89' lang='lat' dir='ltr'><strong>B.</strong></span> <span class='ocrx_word' id='word_1_44' title='bbox 701 1636 825 1722; x_wconf 91' lang='lat' dir='ltr'><strong>species</strong></span> <span class='ocrx_word' id='word_1_45' title='bbox 847 1632 952 1698; x_wconf 88' lang='lat' dir='ltr'><strong>multis</strong></span> <span class='ocrx_word' id='word_1_46' title='bbox 974 1631 1055 1698; x_wconf 90' lang='lat' dir='ltr'><strong>locis</strong></span> <span class='ocrx_word' id='word_1_47' title='bbox 1077 1633 1197 1720; x_wconf 85' lang='lat' dir='ltr'><strong>disper·</strong></span> <span class='ocrx_word' id='word_1_48' title='bbox 1269 1664 1275 1678; x_wconf 90' lang='lat'><strong>·</strong></span> 
     </span>
     <span class='ocr_line' id='line_1_8' title="bbox 144 1743 1197 1835; baseline 0 -23"><span class='ocrx_word' id='word_1_49' title='bbox 144 1767 194 1811; x_wconf 80' lang='lat' dir='ltr'><strong>sas</strong></span> <span class='ocrx_word' id='word_1_50' title='bbox 218 1748 284 1833; x_wconf 85' lang='lat' dir='ltr'><strong>jam</strong></span> <span class='ocrx_word' id='word_1_51' title='bbox 311 1750 358 1812; x_wconf 92' lang='lat' dir='ltr'><strong>tui</strong></span> <span class='ocrx_word' id='word_1_52' title='bbox 387 1745 545 1833; x_wconf 84' lang='lat' dir='ltr'><strong>commodi</strong></span> <span class='ocrx_word' id='word_1_53' title='bbox 573 1747 671 1832; x_wconf 80' lang='lat' dir='ltr'><strong>gratia</strong></span> <span class='ocrx_word' id='word_1_54' title='bbox 693 1747 726 1809; x_wconf 93' lang='lat' dir='ltr'><strong>in</strong></span> <span class='ocrx_word' id='word_1_55' title='bbox 748 1766 846 1809; x_wconf 93' lang='lat' dir='ltr'><strong>unum</strong></span> <span class='ocrx_word' id='word_1_56' title='bbox 868 1743 1020 1835; x_wconf 84' lang='lat' dir='ltr'><strong>volumen</strong></span> <span class='ocrx_word' id='word_1_57' title='bbox 1041 1744 1197 1812; x_wconf 89' lang='lat' dir='ltr'><strong>redactas.</strong></span> 
     </span>
     <span class='ocr_line' id='line_1_9' title="bbox 141 1853 1198 1947; baseline 0 -24"><span class='ocrx_word' id='word_1_58' title='bbox 141 1858 310 1947; x_wconf 85' lang='lat' dir='ltr'><strong>Ejusmodi</strong></span> <span class='ocrx_word' id='word_1_59' title='bbox 339 1870 544 1944; x_wconf 86' lang='lat' dir='ltr'><strong>conspectura</strong></span> <span class='ocrx_word' id='word_1_60' title='bbox 574 1858 804 1920; x_wconf 87' lang='lat' dir='ltr'><strong>accuratissima</strong></span> <span class='ocrx_word' id='word_1_61' title='bbox 826 1853 893 1923; x_wconf 87' lang='lat' dir='ltr'><strong>fide</strong></span> <span class='ocrx_word' id='word_1_62' title='bbox 915 1855 1058 1942; x_wconf 77' lang='lat' dir='ltr'><strong>indigere</strong></span> <span class='ocrx_word' id='word_1_63' title='bbox 1080 1859 1198 1942; x_wconf 86' lang='lat' dir='ltr'><strong>putavi,</strong></span> 
     </span>
     <span class='ocr_line' id='line_1_10' title="bbox 142 1965 1199 2036; baseline 0 -2"><span class='ocrx_word' id='word_1_64' title='bbox 142 1979 176 2033; x_wconf 85' lang='lat' dir='ltr'><strong>et</strong></span> <span class='ocrx_word' id='word_1_65' title='bbox 206 1991 246 2033; x_wconf 88' lang='lat' dir='ltr'><strong>ea</strong></span> <span class='ocrx_word' id='word_1_66' title='bbox 273 1967 456 2034; x_wconf 89' lang='lat' dir='ltr'><strong>destitutum</strong></span> <span class='ocrx_word' id='word_1_67' title='bbox 485 1967 645 2032; x_wconf 91' lang='lat' dir='ltr'><strong>commodi</strong></span> <span class='ocrx_word' id='word_1_68' title='bbox 672 1965 748 2033; x_wconf 90' lang='lat' dir='ltr'><strong>loco</strong></span> <span class='ocrx_word' id='word_1_69' title='bbox 780 1965 874 2032; x_wconf 84' lang='lat' dir='ltr'><strong>facile</strong></span> <span class='ocrx_word' id='word_1_70' title='bbox 903 1969 1138 2035; x_wconf 90' lang='lat' dir='ltr'><strong>incommodum</strong></span> <span class='ocrx_word' id='word_1_71' title='bbox 1160 1991 1199 2036; x_wconf 91' lang='lat' dir='ltr'><strong>ac</strong></span> 
     </span>
    </p>
   </div>
   <div class='ocr_carea' id='block_1_6' title="bbox 103 2075 1200 2289">
    <p class='ocr_par' dir='ltr' id='par_1_6' title="bbox 103 2075 1200 2289">
     <span class='ocr_line' id='line_1_11' title="bbox 139 2075 1200 2168; baseline 0.002 -23"><span class='ocrx_word' id='word_1_72' title='bbox 139 2079 366 2146; x_wconf 84' lang='lat' dir='ltr'><strong>detrimentum</strong></span> <span class='ocrx_word' id='word_1_73' title='bbox 388 2079 555 2168; x_wconf 90' lang='lat' dir='ltr'><strong>praebere.</strong></span> <span class='ocrx_word' id='word_1_74' title='bbox 589 2116 630 2130; x_wconf 89' lang='lat'>-</span> <span class='ocrx_word' id='word_1_75' title='bbox 667 2079 741 2143; x_wconf 90' lang='lat' dir='ltr'><strong>Hoc</strong></span> <span class='ocrx_word' id='word_1_76' title='bbox 763 2080 805 2142; x_wconf 89' lang='lat' dir='ltr'><strong>sis</strong></span> <span class='ocrx_word' id='word_1_77' title='bbox 827 2075 940 2143; x_wconf 89' lang='lat' dir='ltr'><strong>libello</strong></span> <span class='ocrx_word' id='word_1_78' title='bbox 963 2079 1057 2145; x_wconf 83' lang='lat' dir='ltr'><strong>simul</strong></span> <span class='ocrx_word' id='word_1_79' title='bbox 1079 2081 1120 2146; x_wconf 86' lang='lat' dir='ltr'><strong>ad</strong></span> <span class='ocrx_word' id='word_1_80' title='bbox 1136 2093 1200 2147; x_wconf 90' lang='lat' dir='ltr'><strong>sta·</strong></span> 
     </span>
     <span class='ocr_line' id='line_1_12' title="bbox 103 2189 1019 2289; baseline 0 -32"><span class='ocrx_word' id='word_1_81' title='bbox 103 2196 111 2207; x_wconf 88' lang='lat'>&#39;</span> <span class='ocrx_word' id='word_1_82' title='bbox 138 2190 317 2289; x_wconf 64' lang='lat' dir='ltr'><strong>piliendam</strong></span> <span class='ocrx_word' id='word_1_83' title='bbox 340 2195 502 2258; x_wconf 92' lang='lat' dir='ltr'><strong>nominum</strong></span> <span class='ocrx_word' id='word_1_84' title='bbox 523 2193 719 2281; x_wconf 82' lang='lat' dir='ltr'><strong>prioritatem</strong></span> <span class='ocrx_word' id='word_1_85' title='bbox 741 2189 890 2276; x_wconf 79' lang='lat' dir='ltr'><strong>symbola</strong></span> <span class='ocrx_word' id='word_1_86' title='bbox 911 2193 1019 2257; x_wconf 86' lang='lat' dir='ltr'><strong>utaris.</strong></span> 
     </span>
    </p>
   </div>
   <div class='ocr_carea' id='block_1_7' title="bbox 140 2301 1251 4068">
    <p class='ocr_par' dir='ltr' id='par_1_7' title="bbox 140 2301 1251 2949">
     <span class='ocr_line' id='line_1_13' title="bbox 232 2301 1200 2391; baseline 0.001 -23"><span class='ocrx_word' id='word_1_87' title='bbox 232 2302 364 2391; x_wconf 83' lang='lat' dir='ltr'><strong>Species</strong></span> <span class='ocrx_word' id='word_1_88' title='bbox 392 2306 427 2369; x_wconf 89' lang='lat' dir='ltr'><strong>in</strong></span> <span class='ocrx_word' id='word_1_89' title='bbox 453 2303 560 2370; x_wconf 89' lang='lat' dir='ltr'><strong>diariis</strong></span> <span class='ocrx_word' id='word_1_90' title='bbox 588 2302 666 2382; x_wconf 84' lang='lat' dir='ltr'><strong>,the</strong></span> <span class='ocrx_word' id='word_1_91' title='bbox 688 2301 901 2389; x_wconf 83' lang='lat' dir='ltr'><strong>proceedings</strong></span> <span class='ocrx_word' id='word_1_92' title='bbox 924 2302 963 2368; x_wconf 87' lang='lat' dir='ltr'><strong>of</strong></span> <span class='ocrx_word' id='word_1_93' title='bbox 981 2304 1035 2369; x_wconf 89' lang='lat' dir='ltr'><strong>the</strong></span> <span class='ocrx_word' id='word_1_94' title='bbox 1056 2302 1200 2391; x_wconf 81' lang='lat' dir='ltr'><strong>zoologi-</strong></span> 
     </span>
     <span class='ocr_line' id='line_1_14' title="bbox 140 2411 1200 2503; baseline -0.001 -22"><span class='ocrx_word' id='word_1_95' title='bbox 140 2413 195 2481; x_wconf 86' lang='lat' dir='ltr'><strong>cal</strong></span> <span class='ocrx_word' id='word_1_96' title='bbox 223 2417 352 2502; x_wconf 78' lang='lat' dir='ltr'><strong>society</strong></span> <span class='ocrx_word' id='word_1_97' title='bbox 380 2415 418 2481; x_wconf 84' lang='lat' dir='ltr'><strong>ui</strong></span> <span class='ocrx_word' id='word_1_98' title='bbox 437 2414 601 2481; x_wconf 88' lang='lat' dir='ltr'><strong>London“</strong></span> <span class='ocrx_word' id='word_1_99' title='bbox 629 2411 783 2479; x_wconf 85' lang='lat' dir='ltr'><strong>exhibitas</strong></span> <span class='ocrx_word' id='word_1_100' title='bbox 808 2412 884 2478; x_wconf 93' lang='lat' dir='ltr'><strong>ideo</strong></span> <span class='ocrx_word' id='word_1_101' title='bbox 908 2412 949 2479; x_wconf 91' lang='lat' dir='ltr'><strong>ab</strong></span> <span class='ocrx_word' id='word_1_102' title='bbox 971 2417 1061 2480; x_wconf 90' lang='lat' dir='ltr'><strong>initio</strong></span> <span class='ocrx_word' id='word_1_103' title='bbox 1083 2419 1200 2503; x_wconf 91' lang='lat' dir='ltr'><strong>recepi,</strong></span> 
     </span>
     <span class='ocr_line' id='line_1_15' title="bbox 141 2524 1198 2614; baseline 0.003 -23"><span class='ocrx_word' id='word_1_104' title='bbox 141 2524 235 2613; x_wconf 81' lang='lat' dir='ltr'><strong>qnod</strong></span> <span class='ocrx_word' id='word_1_105' title='bbox 262 2525 365 2592; x_wconf 90' lang='lat' dir='ltr'><strong>libelli</strong></span> <span class='ocrx_word' id='word_1_106' title='bbox 392 2548 547 2592; x_wconf 87' lang='lat' dir='ltr'><strong>novarum</strong></span> <span class='ocrx_word' id='word_1_107' title='bbox 575 2547 679 2591; x_wconf 88' lang='lat' dir='ltr'><strong>rerum</strong></span> <span class='ocrx_word' id='word_1_108' title='bbox 708 2524 853 2591; x_wconf 89' lang='lat' dir='ltr'><strong>ditissimi</strong></span> <span class='ocrx_word' id='word_1_109' title='bbox 877 2527 928 2590; x_wconf 83' lang='lat' dir='ltr'><strong>vix</strong></span> <span class='ocrx_word' id='word_1_110' title='bbox 949 2528 983 2591; x_wconf 93' lang='lat' dir='ltr'><strong>in</strong></span> <span class='ocrx_word' id='word_1_111' title='bbox 1005 2525 1198 2614; x_wconf 89' lang='lat' dir='ltr'><strong>bibliopolio</strong></span> 
     </span>
     <span class='ocr_line' id='line_1_16' title="bbox 141 2637 1251 2731; baseline 0.002 -27"><span class='ocrx_word' id='word_1_112' title='bbox 141 2647 278 2718; x_wconf 83' lang='lat' dir='ltr'><strong>exstant,</strong></span> <span class='ocrx_word' id='word_1_113' title='bbox 301 2648 334 2704; x_wconf 93' lang='lat' dir='ltr'><strong>et</strong></span> <span class='ocrx_word' id='word_1_114' title='bbox 348 2640 421 2725; x_wconf 91' lang='lat' dir='ltr'><strong>quia</strong></span> <span class='ocrx_word' id='word_1_115' title='bbox 436 2637 590 2724; x_wconf 82' lang='lat' dir='ltr'><strong>plurimae</strong></span> <span class='ocrx_word' id='word_1_116' title='bbox 606 2658 736 2724; x_wconf 89' lang='lat' dir='ltr'><strong>quoque</strong></span> <span class='ocrx_word' id='word_1_117' title='bbox 751 2639 927 2723; x_wconf 86' lang='lat' dir='ltr'><strong>specierum</strong></span> <span class='ocrx_word' id='word_1_118' title='bbox 945 2641 978 2702; x_wconf 94' lang='lat' dir='ltr'><strong>in</strong></span> <span class='ocrx_word' id='word_1_119' title='bbox 994 2637 1200 2725; x_wconf 81' lang='lat' dir='ltr'><strong>Deshayes-i</strong></span> <span class='ocrx_word' id='word_1_120' title='bbox 1248 2726 1251 2731; x_wconf 68' lang='lat'><strong>,</strong></span> 
     </span>
     <span class='ocr_line' id='line_1_17' title="bbox 141 2747 1200 2837; baseline -0.001 -20"><span class='ocrx_word' id='word_1_121' title='bbox 141 2772 232 2817; x_wconf 83' lang='lat' dir='ltr'><strong>nova</strong></span> <span class='ocrx_word' id='word_1_122' title='bbox 260 2751 368 2837; x_wconf 89' lang='lat' dir='ltr'><strong>operis</strong></span> <span class='ocrx_word' id='word_1_123' title='bbox 395 2747 639 2815; x_wconf 64' lang='lat' dir='ltr'><strong>namurci-iani</strong></span> <span class='ocrx_word' id='word_1_124' title='bbox 667 2749 808 2815; x_wconf 86' lang='lat' dir='ltr'><strong>editione</strong></span> <span class='ocrx_word' id='word_1_125' title='bbox 838 2752 972 2815; x_wconf 91' lang='lat' dir='ltr'><strong>omissae</strong></span> <span class='ocrx_word' id='word_1_126' title='bbox 1001 2761 1085 2815; x_wconf 87' lang='lat' dir='ltr'><strong>sunt.</strong></span> <span class='ocrx_word' id='word_1_127' title='bbox 1132 2750 1200 2816; x_wconf 90' lang='lat' dir='ltr'><strong>Illis</strong></span> 
     </span>
     <span class='ocr_line' id='line_1_18' title="bbox 141 2861 1168 2949; baseline 0 -22"><span class='ocrx_word' id='word_1_128' title='bbox 141 2883 264 2928; x_wconf 87' lang='lat' dir='ltr'><strong>annum</strong></span> <span class='ocrx_word' id='word_1_129' title='bbox 286 2883 412 2949; x_wconf 89' lang='lat' dir='ltr'><strong>semper</strong></span> <span class='ocrx_word' id='word_1_130' title='bbox 432 2861 577 2949; x_wconf 78' lang='lat' dir='ltr'><strong>adposui,</strong></span> <span class='ocrx_word' id='word_1_131' title='bbox 600 2871 726 2927; x_wconf 88' lang='lat' dir='ltr'><strong>caetera</strong></span> <span class='ocrx_word' id='word_1_132' title='bbox 748 2872 863 2926; x_wconf 90' lang='lat' dir='ltr'><strong>cuncta</strong></span> <span class='ocrx_word' id='word_1_133' title='bbox 884 2862 960 2926; x_wconf 92' lang='lat' dir='ltr'><strong>anni</strong></span> <span class='ocrx_word' id='word_1_134' title='bbox 976 2862 1063 2927; x_wconf 84' lang='grc'>1834</span> <span class='ocrx_word' id='word_1_135' title='bbox 1084 2875 1168 2928; x_wconf 90' lang='lat' dir='ltr'><strong>sunt.</strong></span> 
     </span>
    </p>

    <p class='ocr_par' dir='ltr' id='par_1_8' title="bbox 141 2969 1227 3619">
     <span class='ocr_line' id='line_1_19' title="bbox 234 2969 1227 3059; baseline 0 -20"><span class='ocrx_word' id='word_1_136' title='bbox 234 2973 370 3039; x_wconf 83' lang='lat' dir='ltr'><strong>Restant</strong></span> <span class='ocrx_word' id='word_1_137' title='bbox 390 2977 513 3040; x_wconf 90' lang='lat' dir='ltr'><strong>interim</strong></span> <span class='ocrx_word' id='word_1_138' title='bbox 536 2975 629 3059; x_wconf 88' lang='lat' dir='ltr'><strong>pauci</strong></span> <span class='ocrx_word' id='word_1_139' title='bbox 651 2971 738 3050; x_wconf 90' lang='lat' dir='ltr'><strong>libri,</strong></span> <span class='ocrx_word' id='word_1_140' title='bbox 761 2993 843 3057; x_wconf 88' lang='lat' dir='ltr'><strong>quos</strong></span> <span class='ocrx_word' id='word_1_141' title='bbox 865 2969 1035 3036; x_wconf 88' lang='lat' dir='ltr'><strong>consulere</strong></span> <span class='ocrx_word' id='word_1_142' title='bbox 1056 2973 1227 3039; x_wconf 92' lang='lat' dir='ltr'><strong>nondum·</strong></span> 
     </span>
     <span class='ocr_line' id='line_1_20' title="bbox 141 3083 1201 3172; baseline -0.001 -21"><span class='ocrx_word' id='word_1_143' title='bbox 141 3085 236 3151; x_wconf 90' lang='lat' dir='ltr'><strong>licuit</strong></span> <span class='ocrx_word' id='word_1_144' title='bbox 257 3087 307 3167; x_wconf 88' lang='lat' dir='ltr'><strong>(v.</strong></span> <span class='ocrx_word' id='word_1_145' title='bbox 323 3085 411 3172; x_wconf 91' lang='lat' dir='ltr'><strong>Opp.</strong></span> <span class='ocrx_word' id='word_1_146' title='bbox 425 3089 490 3150; x_wconf 91' lang='lat' dir='ltr'><strong>citt.</strong></span> <span class='ocrx_word' id='word_1_147' title='bbox 505 3107 536 3172; x_wconf 88' lang='lat' dir='ltr'><strong>p.</strong></span> <span class='ocrx_word' id='word_1_148' title='bbox 552 3085 659 3164; x_wconf 63' lang='lat' dir='ltr'><strong>atat</strong></span> <span class='ocrx_word' id='word_1_149' title='bbox 682 3105 792 3150; x_wconf 89' lang='lat' dir='ltr'><strong>eorum</strong></span> <span class='ocrx_word' id='word_1_150' title='bbox 809 3105 902 3163; x_wconf 89' lang='lat' dir='ltr'><strong>nova,</strong></span> <span class='ocrx_word' id='word_1_151' title='bbox 924 3083 1054 3170; x_wconf 91' lang='lat' dir='ltr'><strong>quando</strong></span> <span class='ocrx_word' id='word_1_152' title='bbox 1074 3087 1109 3150; x_wconf 90' lang='lat' dir='ltr'><strong>in</strong></span> <span class='ocrx_word' id='word_1_153' title='bbox 1126 3106 1201 3172; x_wconf 88' lang='lat' dir='ltr'><strong>pro-</strong></span> 
     </span>
     <span class='ocr_line' id='line_1_21' title="bbox 141 3189 1201 3281; baseline -0.005 -16"><span class='ocrx_word' id='word_1_154' title='bbox 141 3201 231 3265; x_wconf 86' lang='lat' dir='ltr'><strong>ximo</strong></span> <span class='ocrx_word' id='word_1_155' title='bbox 252 3194 415 3262; x_wconf 89' lang='lat' dir='ltr'><strong>volumine</strong></span> <span class='ocrx_word' id='word_1_156' title='bbox 437 3195 478 3261; x_wconf 90' lang='lat' dir='ltr'><strong>de</strong></span> <span class='ocrx_word' id='word_1_157' title='bbox 493 3189 681 3262; x_wconf 81' lang='lat' dir='ltr'><strong>anno&#39;1835</strong></span> <span class='ocrx_word' id='word_1_158' title='bbox 697 3195 846 3275; x_wconf 87' lang='lat' dir='ltr'><strong>referam,</strong></span> <span class='ocrx_word' id='word_1_159' title='bbox 868 3193 1038 3281; x_wconf 87' lang='lat' dir='ltr'><strong>supplebo.</strong></span> <span class='ocrx_word' id='word_1_160' title='bbox 1074 3196 1201 3261; x_wconf 84' lang='lat' dir='ltr'><strong>Iduum</strong></span> 
     </span>
     <span class='ocr_line' id='line_1_22' title="bbox 143 3298 1202 3394; baseline -0.005 -18"><span class='ocrx_word' id='word_1_161' title='bbox 143 3333 185 3376; x_wconf 87' lang='lat' dir='ltr'><strong>ea</strong></span> <span class='ocrx_word' id='word_1_162' title='bbox 214 3317 440 3375; x_wconf 84' lang='lat' dir='ltr'><strong>contentorum</strong></span> <span class='ocrx_word' id='word_1_163' title='bbox 468 3298 507 3373; x_wconf 88' lang='lat' dir='ltr'><strong>sit</strong></span> <span class='ocrx_word' id='word_1_164' title='bbox 541 3330 624 3394; x_wconf 88' lang='lat' dir='ltr'><strong>quae</strong></span> <span class='ocrx_word' id='word_1_165' title='bbox 656 3330 743 3374; x_wconf 88' lang='lat' dir='ltr'><strong>nova</strong></span> <span class='ocrx_word' id='word_1_166' title='bbox 770 3311 803 3372; x_wconf 91' lang='lat' dir='ltr'><strong>in</strong></span> <span class='ocrx_word' id='word_1_167' title='bbox 830 3306 930 3373; x_wconf 88' lang='lat' dir='ltr'><strong>altera</strong></span> <span class='ocrx_word' id='word_1_168' title='bbox 958 3305 1202 3371; x_wconf 82' lang='lat' dir='ltr'><strong>Lamarck-iani</strong></span> 
     </span>
     <span class='ocr_line' id='line_1_23' title="bbox 144 3413 1202 3508; baseline -0.004 -21"><span class='ocrx_word' id='word_1_169' title='bbox 144 3423 257 3508; x_wconf 89' lang='lat' dir='ltr'><strong>operis</strong></span> <span class='ocrx_word' id='word_1_170' title='bbox 287 3420 428 3485; x_wconf 90' lang='lat' dir='ltr'><strong>editione</strong></span> <span class='ocrx_word' id='word_1_171' title='bbox 450 3413 664 3499; x_wconf 88' lang='lat' dir='ltr'><strong>accesserunt,</strong></span> <span class='ocrx_word' id='word_1_172' title='bbox 694 3421 769 3499; x_wconf 89' lang='lat' dir='ltr'><strong>hac,</strong></span> <span class='ocrx_word' id='word_1_173' title='bbox 797 3422 851 3508; x_wconf 91' lang='lat' dir='ltr'><strong>qui</strong></span> <span class='ocrx_word' id='word_1_174' title='bbox 874 3421 1005 3507; x_wconf 90' lang='lat' dir='ltr'><strong>primam</strong></span> <span class='ocrx_word' id='word_1_175' title='bbox 1027 3417 1202 3504; x_wconf 86' lang='lat' dir='ltr'><strong>possident,</strong></span> 
     </span>
     <span class='ocr_line' id='line_1_24' title="bbox 143 3531 370 3619; baseline -0.013 -20"><span class='ocrx_word' id='word_1_176' title='bbox 143 3537 197 3599; x_wconf 80' lang='lat' dir='ltr'><strong>vix</strong></span> <span class='ocrx_word' id='word_1_177' title='bbox 221 3531 370 3619; x_wconf 80' lang='lat' dir='ltr'><strong>egebunt.</strong></span> 
     </span>
    </p>

    <p class='ocr_par' dir='ltr' id='par_1_9' title="bbox 143 3643 1203 4068">
     <span class='ocr_line' id='line_1_25' title="bbox 237 3643 1203 3735; baseline -0.002 -28"><span class='ocrx_word' id='word_1_178' title='bbox 237 3645 292 3735; x_wconf 81' lang='lat' dir='ltr'><strong>De</strong></span> <span class='ocrx_word' id='word_1_179' title='bbox 320 3643 471 3729; x_wconf 83' lang='lat' dir='ltr'><strong>dignitate</strong></span> <span class='ocrx_word' id='word_1_180' title='bbox 498 3663 655 3708; x_wconf 88' lang='lat' dir='ltr'><strong>novorum</strong></span> <span class='ocrx_word' id='word_1_181' title='bbox 684 3663 834 3729; x_wconf 81' lang='lat' dir='ltr'><strong>generum</strong></span> <span class='ocrx_word' id='word_1_182' title='bbox 856 3645 1097 3728; x_wconf 88' lang='lat' dir='ltr'><strong>specierumque</strong></span> <span class='ocrx_word' id='word_1_183' title='bbox 1119 3643 1203 3706; x_wconf 89' lang='lat' dir='ltr'><strong>criti-</strong></span> 
     </span>
     <span class='ocr_line' id='line_1_26' title="bbox 143 3752 1202 3841; baseline -0.005 -19"><span class='ocrx_word' id='word_1_184' title='bbox 143 3778 219 3822; x_wconf 89' lang='lat' dir='ltr'><strong>cum</strong></span> <span class='ocrx_word' id='word_1_185' title='bbox 245 3753 401 3841; x_wconf 85' lang='lat' dir='ltr'><strong>judicium</strong></span> <span class='ocrx_word' id='word_1_186' title='bbox 429 3753 538 3840; x_wconf 88' lang='lat' dir='ltr'><strong>adjici,</strong></span> <span class='ocrx_word' id='word_1_187' title='bbox 565 3753 598 3817; x_wconf 93' lang='lat' dir='ltr'><strong>id</strong></span> <span class='ocrx_word' id='word_1_188' title='bbox 620 3753 798 3820; x_wconf 89' lang='lat' dir='ltr'><strong>desiderata</strong></span> <span class='ocrx_word' id='word_1_189' title='bbox 820 3752 1008 3841; x_wconf 90' lang='lat' dir='ltr'><strong>plerumque</strong></span> <span class='ocrx_word' id='word_1_190' title='bbox 1030 3755 1202 3838; x_wconf 87' lang='lat' dir='ltr'><strong>specimina</strong></span> 
     </span>
     <span class='ocr_line' id='line_1_27' title="bbox 143 3863 1202 3953; baseline -0.002 -21"><span class='ocrx_word' id='word_1_191' title='bbox 143 3865 325 3953; x_wconf 54' lang='lat' dir='ltr'><strong>vetabant.</strong></span> <span class='ocrx_word' id='word_1_192' title='bbox 360 3864 483 3931; x_wconf 88' lang='lat' dir='ltr'><strong>Eadem</strong></span> <span class='ocrx_word' id='word_1_193' title='bbox 511 3868 637 3930; x_wconf 89' lang='lat' dir='ltr'><strong>ratione</strong></span> <span class='ocrx_word' id='word_1_194' title='bbox 666 3863 774 3952; x_wconf 90' lang='lat' dir='ltr'><strong>plures</strong></span> <span class='ocrx_word' id='word_1_195' title='bbox 796 3865 906 3930; x_wconf 87' lang='lat' dir='ltr'><strong>forsan</strong></span> <span class='ocrx_word' id='word_1_196' title='bbox 927 3864 1095 3950; x_wconf 81' lang='lat' dir='ltr'><strong>diagnoses</strong></span> <span class='ocrx_word' id='word_1_197' title='bbox 1115 3866 1202 3950; x_wconf 87' lang='lat' dir='ltr'><strong>justo</strong></span> 
     </span>
     <span class='ocr_line' id='line_1_28' title="bbox 143 3974 1203 4068; baseline -0.004 -24"><span class='ocrx_word' id='word_1_198' title='bbox 143 3977 312 4068; x_wconf 76' lang='lat' dir='ltr'><strong>longiores</strong></span> <span class='ocrx_word' id='word_1_199' title='bbox 335 3998 481 4043; x_wconf 84' lang='lat' dir='ltr'><strong>evasere:</strong></span> <span class='ocrx_word' id='word_1_200' title='bbox 504 3979 635 4044; x_wconf 92' lang='lat' dir='ltr'><strong>omnino</strong></span> <span class='ocrx_word' id='word_1_201' title='bbox 657 3986 762 4042; x_wconf 86' lang='lat' dir='ltr'><strong>autem</strong></span> <span class='ocrx_word' id='word_1_202' title='bbox 779 3979 1021 4043; x_wconf 86' lang='lat' dir='ltr'><strong>constitutorum</strong></span> <span class='ocrx_word' id='word_1_203' title='bbox 1037 3974 1109 4054; x_wconf 87' lang='lat' dir='ltr'><strong>luit,</strong></span> <span class='ocrx_word' id='word_1_204' title='bbox 1131 3997 1203 4061; x_wconf 89' lang='lat' dir='ltr'><strong>spe-</strong></span> 
     </span>
    </p>
   </div>
   <div class='ocr_carea' id='block_1_8' title="bbox 0 0 1343 4478">
    <p class='ocr_par' dir='ltr' id='par_1_10' title="bbox 0 0 1343 4478">
     <span class='ocr_line' id='line_1_29' title="bbox 0 0 1343 4478; baseline 0 0"><span class='ocrx_word' id='word_1_205' title='bbox 0 0 1343 4478; x_wconf 95' lang='lat' dir='ltr'><strong> </strong></span> 
     </span>
    </p>
   </div>
  </div>
 </body>
</html>
