2656 4478
179 875 201 899 ”
256 860 737 995 Lectoribus
807 880 1184 1037 aequis..¹

560 1132 563 1140 .
620 1095 646 1140 s.
687 1074 719 1141 d.

332 1215 420 1289 vn.
433 1194 563 1291 nn.
576 1198 903 1325 wregmann',
923 1226 982 1293 nr.
1015 1206 1057 1211 ”
1134 1260 1167 1267 --

596 1422 744 1434 —n——na-

154 1600 289 1727 Tanta
314 1675 512 1727 novarum
536 1653 758 1753 specierum
782 1652 1000 1750 multitudo
1025 1667 1195 1755 quotan-

144 1772 204 1847 nis
233 1772 277 1846 in
304 1772 496 1870 Zoologia
528 1775 678 1850 accedit
700 1787 864 1875 tamque
887 1774 1003 1865 variis
1024 1775 1070 1849 in
1094 1774 1194 1850 locis

144 1891 330 1994 dispersa,
348 1907 395 1969 ut
411 1893 757 1991 diligentissimum
774 1895 895 1992 hujus
912 1886 1096 1989 scientiae
1112 1894 1199 1996 cul-¹

140 2026 274 2089 torem
307 2028 346 2089 et
373 2014 556 2115 quamvis
580 2015 750 2093 maxima
775 2015 975 2099 librorum
999 2015 1194 2116 suppelle-
1284 1997 1285 2000 Ἴ

141 2135 223 2211 erili
248 2133 485 2236 praeditum,
509 2135 686 2233 singulae
710 2135 895 2228 facillime
919 2137 1075 2235 possint
1093 2134 1194 2212 effu·

139 2280 255 2354 gere2
281 2256 548 2346 nedumeos,
578 2258 647 2358 qui
674 2257 729 2353 ab,
750 2257 862 2347 omni
886 2254 970 2332 fere
994 2257 1193 2357 librorum

97 2385 100 2393 '
140 2391 343 2479 apparatu,
362 2376 561 2478 imprimis
580 2379 941 2480 ephemericorum
954 2377 1092 2466 orbati,
1107 2375 1193 2457 fnu-

139 2513 219 2575 stra
249 2523 454 2574 novorum
475 2498 738 2613 animalium,
775 2523 878 2600 quae
909 2490 995 2573 sine
1025 2498 1194 2573 nomine

139 2618 300 2719 saepius
323 2618 539 2720 possident,
564 2620 731 2695 nomina
757 2643 998 2718 cognoscere
1022 2617 1194 2719 student,
1304 2630 1308 2640 '

140 2739 268 2836 Quod
307 2765 436 2841 quum
471 2739 526 2817 ita
563 2741 628 2828 sit,
666 2739 775 2816 haud
806 2766 973 2840 parvum
1003 2741 1208 2840 putabam·
1295 2772 1297 2779 ⁴

139 2861 327 2937 scientiae
353 2860 621 2968 commodum
646 2861 807 2937 allatum
831 2860 896 2957 iri,
922 2862 954 2936 si
977 2861 1194 2962 quisquae
1269 2963 1270 2967 Ἴ

136 2983 184 3057 in
216 2981 382 3079 singulis
397 2983 524 3081 'regni
558 2981 738 3057 animalis
766 2981 981 3083 provinciis
1005 3007 1107 3057 nova
1131 2981 1193 3079 in·

136 3103 363 3191 notuerint,
399 3103 442 3178 in
479 3128 612 3179 unum
649 3102 765 3177 vellet
794 3102 990 3198 colligere·
1010 3126 1054 3176 ac
1084 3114 1191 3176 certo
1298 3119 1300 3126 ⁴

121 3224 357 3324 'disponere
377 3222 529 3299 ordine.
571 3224 619 3300 Id
641 3222 806 3323 quidem
826 3222 870 3297 in
888 3223 1025 3298 ceteris
1043 3221 1193 3323 anima

135 3345 243 3420 lium
269 3343 457 3420 classibus
475 3359 640 3445 propter
660 3343 863 3419 minorem
888 3367 1083 3418 novarum
1105 3366 1192 3443 spe-
1258 3366 1262 3376 ·

137 3466 296 3542 cierum
321 3465 479 3565 copiam
504 3464 711 3541 annalibus
742 3465 843 3539 meis
874 3461 1029 3540 facilius
1053 3487 1193 3565 perpe-

93 3658 99 3670 ,
134 3601 245 3663 trare
274 3578 407 3686 potui,
445 3586 489 3660 in
523 3584 839 3683 conchyliorum
857 3608 952 3661 vero
984 3571 1191 3686 atque'in-
1294 3612 1297 3617 ·

136 3721 344 3784 sectorum
363 3707 551 3783 classibus
569 3707 767 3784 immensa
785 3703 1086 3806 propemodum
1105 3696 1192 3804 spe-

137 3829 295 3904 cierum
319 3827 538 3906 multitudo
565 3827 757 3915 obstabat,
779 3851 901 3932 quam
926 3827 958 3903 si
982 3839 1109 3901 totam
1130 3848 1191 3902 re·

137 3949 274 4051 cipere
298 3948 528 4037 voluissem,
553 3954 605 4025 ne
630 3947 714 4024 aliis
738 3949 859 4024 rebus
875 3947 1045 4048 spatium
1064 3945 1191 4023 detra-
