2656 4478
141 177 184 233 Vl

141 327 251 401 clebus
278 329 458 399 constitutis
478 326 617 418 adjicere
638 327 808 419 diagnoms
830 341 948 421 easque
969 334 1054 400 haud
1075 333 1189 402 dubias

139 443 379 513 iehffim
464 472 467 480 ¹
897 520 900 525 ¹
1253 460 1256 465 ·

227 554 412 646 spectarem
433 550 602 641 diagnoses
622 556 657 621 in
677 574 869 642 quacunque
884 568 917 623 et
933 556 1069 623 barbara
1081 557 1188 646 lingua

79 732 84 742 ,
139 668 273 758 scriptas
298 666 470 734 Latinitate
498 664 625 732 donavi.
673 666 741 732 Ubi
762 671 989 734 constitutores
1009 693 1111 739 meras
1134 671 1189 737 de-

138 782 342 868 scriptiones,
365 798 593 866 nonnunquam
613 775 828 845 obscurasse
851 781 1014 863 contusas,
1043 782 1189 870 ambigua

138 888 309 959 vernacula
331 911 388 957 sua
410 886 587 972 coniectas,
608 911 795 980 porrexere,
815 890 861 958 ibi
884 893 1051 981 diagnoses
1074 895 1188 961 exinde

138 1004 320 1093 composui,
349 1000 447 1089 idque
469 1023 529 1068 suo
554 1001 631 1069 loco
656 1026 782 1092 semper
807 1004 1082 1074 adnotavi.·aliud
1105 1011 1187 1074 enim

139 1125 202 1197 est,
224 1115 392 1205 dispnpsin
414 1136 452 1181 ex
473 1117 648 1202 specimine
670 1137 794 1197 creare,
814 1116 916 1198 aliud,
939 1126 978 1184 et
991 1131 1118 1185 narrata
1133 1119 1188 1185 de-

137 1230 321 1317 scriptione.
350 1262 394 1277 —
431 1224 608 1293 Animalia
598 1229 698 1314 spsius
713 1227 911 1295 characteres
926 1230 1109 1318 specificos,
1131 1231 1188 1297 ubi

138 1335 205 1408 dati
225 1348 307 1421 sunt,
327 1358 453 1428 semper
473 1338 507 1406 in
529 1336 744 1427 descriptione
766 1338 933 1423 collocavi,
953 1364 996 1409 ne
1018 1342 1187 1431 diagnoses

136 1441 240 1521 minus
263 1449 444 1518 conformes
467 1447 614 1517 eradant.

225 1560 481 1632 constitutiones
495 1582 644 1651 generum
661 1564 878 1650 etspecierum
890 1545 1091 1632 nominumve
1101 1565 1187 1632 baud
1263 1559 1267 1570 ’

136 1671 178 1742 ari
206 1676 284 1742 istos
310 1695 411 1742 annos
434 1672 617 1740 referendas
640 1695 725 1754 esse,
753 1677 787 1740 in
810 1674 924 1760 quibus
946 1680 1117 1764 specimina
1138 1701 1188 1744 re

136 1796 227 1877 perta
247 1788 324 1867 sint,
347 1795 402 1853 aut
422 1787 456 1852 ln
476 1783 593 1873 quibus
616 1795 763 1850 auctores
781 1783 998 1854 laboraverint
1013 1801 1043 1855 et
1058 1792 1185 1855 nomina

123 1899 398 1986 1οιιοιιςίιιιίιιίιιι,
427 1904 481 1962 aut
502 1894 708 1962 societatibus
730 1895 957 1985 praelegerint,
971 1900 1038 1966 'vel
1061 1901 1186 1968 demum
1253 1980 1256 1989 Ι

136 2012 266 2079 nomina
279 2027 343 2076 'sua
358 2002 580 2096 speciminibus
595 2006 832 2094 adscripserint,
854 2007 914 2075 sed
929 2011 968 2077 ad
985 2010 1059 2077 illos
1075 2033 1185 2094 annos,

136 2123 170 2191 in
187 2118 301 2211 quibus
315 2118 434 2210 publici
449 2119 526 2204 juris
540 2117 644 2186 iactae
659 2132 739 2201 sunt,
760 2118 803 2203 id,
825 2132 914 2210 puto,
926 2125 1022 2212 'patet
1037 2147 1095 2211 per
1110 2148 1155 2191 sc.

224 2233 355 2324 Species
387 2251 453 2300 non
480 2251 612 2319 prorsus
640 2253 761 2310 novae,
794 2242 907 2321 utpote
936 2235 1050 2322 quibus
1078 2258 1185 2305 novae

136 2355 256 2415 tantum
277 2345 451 2411 varietates
467 2365 646 2425 accessere,
667 2344 721 2410 vel
742 2347 875 2432 primum
889 2351 1018 2414 nomina
1032 2358 1186 2434 systema-

136 2460 213 2540 tica,
238 2454 292 2524 sel
313 2458 441 2524 nomina
463 2475 549 2524 nova
570 2476 659 2523 novo
682 2460 790 2544 generi
811 2455 974 2546 adaptata,
996 2481 1054 2525 eae
1076 2481 1186 2526 nume-

135 2571 179 2639 ris
207 2576 326 2637 curent.
377 2567 432 2635 Sic
460 2564 493 2633 e't
516 2568 609 2634 novis
631 2565 734 2634 solum
757 2569 925 2679 generibus
945 2592 1096 2637 numeros
1118 2573 1185 2638 Ro-

135 2702 246 2750 manos
268 2680 447 2768 anteposui,
471 2681 585 2745 ceteris
606 2678 797 2746 Arabices.

224 2794 344 2862 Seriam
359 2786 534 2858 naturalem
550 2788 631 2877 elegi
644 2754 787 2859 Menke·
793 2813 883 2858 anam
899 2791 958 2876 (C.
975 2793 1035 2859 Tb.
1047 2793 1184 2861 Menke.

135 2925 266 2996 synops.
288 2902 382 2971 metir.
404 2900 631 3001 molluscorum
655 2911 714 2968 etc.
748 2903 929 2990 >i’yrmonti.
952 2906 1048 2970 lene
1078 2907 1110 2971 8.
1139 2944 1183 2959 -

107 3016 110 3027 ’
136 3015 188 3087 erl.
209 3016 247 3084 ll.
277 3014 320 3083 ib.
344 3013 439 3111 1830.
468 3015 534 3098 8.),
563 3015 680 3102 quippe
709 3036 792 3102 quae
813 3015 961 3083 facillime
987 3019 1022 3082 in
1044 3021 1209 3084 omnium·

135 3126 278 3197 manibus
299 3137 452 3194 versetur.
741 3197 746 3205 ,
923 3112 925 3116 ⁸
1191 3161 1203 3177 ν

224 3240 306 3310 Cum
334 3237 428 3327 plura
456 3257 556 3326 opera
577 3241 720 3325 proxime
741 3240 892 3327 temporis
915 3237 1038 3305 demum
1059 3239 1185 3307 Bereli-

134 3374 209 3423 num
231 3353 449 3441 pervenerint,
477 3349 665 3439 opusculum
687 3352 787 3418 serius
810 3373 902 3438 quam
925 3351 1111 3440 optabamus
1134 3362 1185 3440 ty-

135 3467 184 3555 pis
205 3462 348 3532 mandari
371 3465 486 3552 potuit.

869 3549 953 3618 Vale
976 3562 1008 3618 et
1029 3551 1116 3619 iavet

173 3660 286 3745 Scripsi
303 3659 437 3724 Bsrolini
455 3677 495 3722 m.
515 3656 594 3741 Maio
613 3678 640 3721 s.
660 3660 747 3722 18³6.

873 3787 950 3846 tl'ts.
970 3785 1148 3848 titillor.

563 3981 757 4006 ω...»
