2656 4478
143 139 300 237 ,rv

190 315 304 391 heret
335 333 458 412 quam
490 307 662 387 maxime
691 310 957 389 metuendum
991 327 1081 389 erat.
1137 313 1240 390 Hinc

193 434 305 537 quasi
330 431 558 534 appendicis
581 431 673 509 loco
699 418 921 533 specierum
939 434 1114 533 syllogen
1132 460 1240 511 seor·

192 557 270 634 sim
302 554 420 632 edere
453 553 560 656 apud
593 555 775 631 animum
806 547 1008 644 c'onstitui3
1043 557 1167 657 idque
1195 557 1240 632 in

192 675 410 773 conchyliis
436 674 484 751 eo
509 676 635 774 magis
660 680 924 777 necessarium
952 701 1035 753 esse
1058 678 1240 767 intellexi,

193 823 321 902 quum
357 797 573 898 permultas
607 799 774 900 species,
810 798 1021 908 recentiori
1058 812 1241 901 tempore

72 1012 79 1027 ι
190 918 478 1024 promulgatas,
515 919 558 992 in
596 921 770 997 secunda
800 919 1069 997 Lamarckiani
1109 923 1241 1022 operis

136 1118 138 1124 .
193 1043 369 1119 editione
394 1039 537 1116 frustra
564 1043 835 1142 quaesiverim.
890 1045 1028 1143 Itaque
1054 1042 1241 1117 amicissi-

190 1190 306 1239 mum
334 1163 407 1237 Th.
425 1162 590 1250 Miiller,
609 1178 818 1265 strenuum
834 1164 1029 1255 ,scientiae
1053 1144 1241 1240 naituralis

192 1285 403 1371 cultorem,
441 1281 553 1381 cujus
589 1299 628 1359 et
664 1284 888 1361 doctrinam
927 1299 965 1359 et
1001 1283 1240 1382 singularem

190 1403 426 1503 hujusmodi
459 1430 598 1485 rerum
632 1406 926 1481 accurationem
959 1428 1241 1502 cognoveram,

191 1526 422 1603 adhortatus
447 1552 553 1633 sum,
577 1540 624 1601 ut
647 1526 750 1601 hanc
775 1551 912 1602 curam
936 1525 978 1600 in
1004 1551 1047 1602 se
1071 1527 1243 1629 suscipe-

190 1663 259 1724 ret.
317 1649 378 1723 De
412 1644 579 1723 consilio
613 1659 731 1747 atque
760 1647 915 1722 ratione
947 1646 1130 1747 opusculi
1161 1645 1239 1746 jam

188 1770 274 1870 ipse
292 1769 344 1844 'in'
358 1767 571 1868 prooemio
591 1767 719 1842 fusius
739 1766 925 1843 disseruit
944 1790 1018 1843 nec
1044 1769 1155 1869 quod
1181 1770 1241 1842 in-

190 1894 312 1992 super
329 1888 474 1963 addam
488 1888 629 1974 habeo,
645 1887 721 1961 nisi
735 1900 780 1963 ut
794 1870 1031 1989 prosperum
1048 1888 1243 1966 faustum!

173 2009 270 2114 ¹que
296 2007 524 2084 successum
548 2008 643 2083 huic
668 2007 805 2085 libello
832 1992 979 2111 optem.
1183 2022 1187 2029 ’

94 2164 102 2171 ’
220 2130 222 2137 '
248 2124 369 2206 ·'Nisi
396 2136 591 2204 novarum
613 2130 833 2229 specierum
852 2129 1032 2233 'exempla
1051 2131 1126 2206 sub
1147 2155 1242 2206 ocu-

189 2250 422 2355 lis'bibeas,
456 2250 507 2325 de
533 2249 720 2346 dignitate
745 2234 886 2328 earum
909 2252 971 2327 vix
1004 2265 1158 2328 certum
1181 2249 1242 2350 ju-

190 2374 377 2477 stumque
400 2368 594 2477 judicium
623 2371 715 2446 dari·
733 2356 867 2474 posses,
891 2371 978 2472 jure
994 2373 1156 2448 monuit
1174 2398 1243 2450 au-

189 2494 288 2571 tor.''
310 2498 402 2588 Quo
427 2493 553 2590 magis
578 2493 698 2590 igitur
715 2517 794 2582 eos,
820 2495 888 2595 qui
917 2493 967 2570 de
992 2494 1157 2591 singulis
1181 2520 1244 2570 re-

170 2594 291 2717 ¹clius
319 2615 592 2712 cognoverint,
613 2614 848 2691 'admonitos
869 2630 1112 2716 togatosque
1137 2617 1242 2704 volo,

190 2751 237 2814 ut
254 2737 470 2841 nobiscum
495 2736 609 2812 citius
636 2728 931 2813 observationes
950 2761 1040 2812 suas
1059 2761 1243 2812 commu-

192 2858 333 2946 nicent,
353 2880 454 2957 quae
467 2855 528 2932 vel
546 2857 588 2930 in
607 2858 791 2934 scientiae
809 2856 996 2934 naturalis
1010 2866 1244 2958 promptua-

189 2980 252 3055 rio
286 3004 396 3066 me0,
427 2976 489 3053 vel
519 2977 561 3050 in
593 2994 782 3079 sequente
813 2978 934 3078 hujus
967 2979 1099 3081 operis
1130 2978 1244 3053 volu-

190 3101 300 3176 mine
325 3098 562 3201 propediem
589 3099 816 3201 apparituro
841 3101 989 3204 publici
1013 3098 1109 3199 juris
1136 3098 1243 3174 fiant.

192 3221 256 3296 Sic
288 3221 396 3296 enim
426 3219 611 3296 facillime
640 3243 683 3295 ac
710 3223 894 3299 citissime
920 3223 1082 3299 cuilibet
1107 3245 1244 3296 occur-

192 3341 292 3416 ritur
311 3341 445 3429 errori,
471 3342 704 3442 priusquam
726 3367 875 3419 nocuas
893 3344 1045 3420 radices
1065 3342 1182 3418 altius
1200 3343 1242 3416 in

191 3463 352 3573 scientia
379 3463 510 3560 egerit.
559 3463 694 3552 Valete
720 3480 837 3567 atque
862 3449 987 3541 favete
1002 3458 1185 3573 incepto

242 3607 371 3684 Dabam
393 3609 538 3691 Berolini
561 3609 592 3679 d.
614 3611 1123 3703 xxv.Junii.MDCCCXxxv1.
1204 3594 1211 3629 ³

603 3889 826 3914 .-··.-’-·.
